<?xml version="1.0" encoding="UTF-8"?><collection xmlns="http://www.loc.gov/MARC21/slim"><record><leader>00382nam--2200145-i-4500</leader><controlfield tag="001">000014425</controlfield><controlfield tag="002">20161230</controlfield><controlfield tag="005">20161230201030</controlfield><controlfield tag="008">060222s1000------------r-----000-0-eng-d</controlfield><datafield ind1=" " ind2=" " tag="080"><subfield code="a">517.982</subfield></datafield><datafield ind1=" " ind2="1" tag="100"><subfield code="a">Chitescu, Ion</subfield></datafield><datafield ind1="1" ind2="0" tag="245"><subfield code="a">Spatii de functii</subfield></datafield><datafield ind1=" " ind2=" " tag="260"><subfield code="a">Bucuresti, Editura Stiintifica Si Enciclopedic A, 1983. 421 P</subfield></datafield><datafield ind1=" " ind2=" " tag="852"><subfield code="a">70942</subfield><subfield code="c">517.9</subfield></datafield><datafield ind1=" " ind2=" " tag="CAT"><subfield code="a">Sys</subfield><subfield code="c">20090413</subfield><subfield code="h">115101</subfield></datafield></record></collection>